[gd_scene load_steps=12 format=3 uid="uid://ncj2jkof6lqc"]

[ext_resource type="Texture2D" uid="uid://c5fgfm5phgdge" path="res://Assets/Bell_1.png" id="1_30dbp"]
[ext_resource type="Script" path="res://Script/bell.gd" id="1_idrhm"]
[ext_resource type="Texture2D" uid="uid://b1s5c20hh1xw3" path="res://Assets/Bell_2.png" id="2_3bhhv"]
[ext_resource type="Texture2D" uid="uid://c7sse8h60dh2p" path="res://Assets/Bell_3.png" id="3_dja8t"]
[ext_resource type="AudioStream" uid="uid://uxvm3g57kjk" path="res://Audio/Bell_sound.wav" id="5_jj2xm"]

[sub_resource type="StyleBoxFlat" id="StyleBoxFlat_tu4qp"]
bg_color = Color(0.701961, 0.219608, 0.192157, 1)

[sub_resource type="StyleBoxFlat" id="StyleBoxFlat_fgm5u"]
bg_color = Color(0.619608, 0.270588, 0.223529, 1)

[sub_resource type="StyleBoxFlat" id="StyleBoxFlat_lyrtp"]
bg_color = Color(0.478431, 0.188235, 0.270588, 1)

[sub_resource type="Animation" id="Animation_3c5lm"]
resource_name = "Bell"
tracks/0/type = "value"
tracks/0/imported = false
tracks/0/enabled = true
tracks/0/path = NodePath("TextureRect:texture")
tracks/0/interp = 1
tracks/0/loop_wrap = true
tracks/0/keys = {
"times": PackedFloat32Array(0, 0.1, 0.2, 0.3, 0.4),
"transitions": PackedFloat32Array(1, 1, 1, 1, 1),
"update": 1,
"values": [ExtResource("1_30dbp"), ExtResource("2_3bhhv"), ExtResource("1_30dbp"), ExtResource("3_dja8t"), ExtResource("1_30dbp")]
}

[sub_resource type="Animation" id="Animation_0vgdg"]
length = 0.001
tracks/0/type = "value"
tracks/0/imported = false
tracks/0/enabled = true
tracks/0/path = NodePath("TextureRect:texture")
tracks/0/interp = 1
tracks/0/loop_wrap = true
tracks/0/keys = {
"times": PackedFloat32Array(0),
"transitions": PackedFloat32Array(1),
"update": 1,
"values": [ExtResource("1_30dbp")]
}

[sub_resource type="AnimationLibrary" id="AnimationLibrary_0wbtn"]
_data = {
"Bell": SubResource("Animation_3c5lm"),
"RESET": SubResource("Animation_0vgdg")
}

[node name="Bell" type="Control"]
layout_mode = 3
anchors_preset = 15
anchor_right = 1.0
anchor_bottom = 1.0
grow_horizontal = 2
grow_vertical = 2
script = ExtResource("1_idrhm")

[node name="Panel" type="Panel" parent="."]
layout_mode = 1
anchors_preset = 15
anchor_right = 1.0
anchor_bottom = 1.0
offset_top = 118.0
grow_horizontal = 2
grow_vertical = 2
theme_override_styles/panel = SubResource("StyleBoxFlat_tu4qp")

[node name="Panel2" type="Panel" parent="."]
layout_mode = 1
anchors_preset = 15
anchor_right = 1.0
anchor_bottom = 1.0
offset_top = 1.0
offset_bottom = -588.0
grow_horizontal = 2
grow_vertical = 2
theme_override_styles/panel = SubResource("StyleBoxFlat_fgm5u")

[node name="Panel3" type="Panel" parent="."]
layout_mode = 1
anchors_preset = 15
anchor_right = 1.0
anchor_bottom = 1.0
offset_top = 59.0
offset_bottom = -529.0
grow_horizontal = 2
grow_vertical = 2
theme_override_styles/panel = SubResource("StyleBoxFlat_lyrtp")

[node name="TextureRect" type="TextureRect" parent="."]
layout_mode = 1
anchors_preset = 8
anchor_left = 0.5
anchor_top = 0.5
anchor_right = 0.5
anchor_bottom = 0.5
offset_left = -325.0
offset_top = -325.0
offset_right = 324.0
offset_bottom = 324.0
grow_horizontal = 2
grow_vertical = 2
texture = ExtResource("1_30dbp")

[node name="AnimationPlayer" type="AnimationPlayer" parent="."]
libraries = {
"": SubResource("AnimationLibrary_0wbtn")
}

[node name="AudioStreamPlayer2D" type="AudioStreamPlayer2D" parent="."]
stream = ExtResource("5_jj2xm")
autoplay = true

[connection signal="animation_finished" from="AnimationPlayer" to="." method="_on_animation_player_animation_finished"]
