[gd_scene load_steps=24 format=3 uid="uid://7c6kg33nmhtw"]

[ext_resource type="Texture2D" uid="uid://c0nvyjgq2ihhl" path="res://Assets/Comecocos_1.png" id="1_0hdal"]
[ext_resource type="Script" path="res://Script/comecocos.gd" id="1_73qwx"]
[ext_resource type="FontFile" uid="uid://cntmldetpxy6u" path="res://Assets/Hey Comic.ttf" id="2_erfvc"]
[ext_resource type="Texture2D" uid="uid://cdd2d4vgsl6d0" path="res://Assets/comecocos2.png" id="4_wwqbw"]
[ext_resource type="Texture2D" uid="uid://b6ooedhi2ft17" path="res://Assets/triangle_button.png" id="5_xekk8"]

[sub_resource type="StyleBoxFlat" id="StyleBoxFlat_a5iw8"]
bg_color = Color(0.803922, 0.407843, 0.239216, 1)

[sub_resource type="StyleBoxFlat" id="StyleBoxFlat_bm6c7"]
bg_color = Color(0.709282, 0, 0.117455, 1)

[sub_resource type="StyleBoxFlat" id="StyleBoxFlat_ipbge"]
bg_color = Color(0.80194, 0, 0.179991, 1)

[sub_resource type="StyleBoxFlat" id="StyleBoxFlat_c0gj3"]
bg_color = Color(0.913725, 0.721569, 0, 1)

[sub_resource type="StyleBoxFlat" id="StyleBoxFlat_s2kmf"]
bg_color = Color(1, 0.843451, 0.418267, 1)

[sub_resource type="StyleBoxFlat" id="StyleBoxFlat_4m68c"]
bg_color = Color(0.343495, 0.701222, 0.0997849, 1)

[sub_resource type="StyleBoxFlat" id="StyleBoxFlat_5ucnt"]
bg_color = Color(0.45487, 0.929412, 0.122027, 1)

[sub_resource type="StyleBoxFlat" id="StyleBoxFlat_ucrs2"]
bg_color = Color(0, 0.565887, 0.800901, 1)

[sub_resource type="StyleBoxFlat" id="StyleBoxFlat_7xnyc"]
bg_color = Color(0.438248, 0.789624, 1, 1)

[sub_resource type="StyleBoxTexture" id="StyleBoxTexture_svonr"]
texture = ExtResource("5_xekk8")

[sub_resource type="StyleBoxTexture" id="StyleBoxTexture_gb86h"]
texture = ExtResource("5_xekk8")

[sub_resource type="StyleBoxTexture" id="StyleBoxTexture_y7cm4"]
texture = ExtResource("5_xekk8")

[sub_resource type="StyleBoxTexture" id="StyleBoxTexture_u2qx8"]
texture = ExtResource("5_xekk8")

[sub_resource type="StyleBoxTexture" id="StyleBoxTexture_oeat0"]
texture = ExtResource("5_xekk8")

[sub_resource type="Animation" id="Animation_6otc7"]
length = 0.001
tracks/0/type = "value"
tracks/0/imported = false
tracks/0/enabled = true
tracks/0/path = NodePath("Label:visible_ratio")
tracks/0/interp = 1
tracks/0/loop_wrap = true
tracks/0/keys = {
"times": PackedFloat32Array(0),
"transitions": PackedFloat32Array(1),
"update": 0,
"values": [0.0]
}
tracks/1/type = "value"
tracks/1/imported = false
tracks/1/enabled = true
tracks/1/path = NodePath("cc1:visible")
tracks/1/interp = 1
tracks/1/loop_wrap = true
tracks/1/keys = {
"times": PackedFloat32Array(0),
"transitions": PackedFloat32Array(1),
"update": 1,
"values": [false]
}

[sub_resource type="Animation" id="Animation_u7l4j"]
resource_name = "new_animation"
tracks/0/type = "value"
tracks/0/imported = false
tracks/0/enabled = true
tracks/0/path = NodePath("cc1:visible")
tracks/0/interp = 1
tracks/0/loop_wrap = true
tracks/0/keys = {
"times": PackedFloat32Array(0, 1),
"transitions": PackedFloat32Array(1, 1),
"update": 1,
"values": [false, true]
}

[sub_resource type="Animation" id="Animation_ppbva"]
resource_name = "write"
length = 3.0
tracks/0/type = "value"
tracks/0/imported = false
tracks/0/enabled = true
tracks/0/path = NodePath("Label:visible_ratio")
tracks/0/interp = 1
tracks/0/loop_wrap = true
tracks/0/keys = {
"times": PackedFloat32Array(0, 2.5),
"transitions": PackedFloat32Array(1, 1),
"update": 0,
"values": [0.0, 1.0]
}

[sub_resource type="AnimationLibrary" id="AnimationLibrary_s686w"]
_data = {
"RESET": SubResource("Animation_6otc7"),
"new_animation": SubResource("Animation_u7l4j"),
"write": SubResource("Animation_ppbva")
}

[node name="Comecocos" type="Control"]
layout_mode = 3
anchors_preset = 15
anchor_right = 1.0
anchor_bottom = 1.0
grow_horizontal = 2
grow_vertical = 2
mouse_filter = 2
script = ExtResource("1_73qwx")

[node name="Panel" type="Panel" parent="."]
layout_mode = 1
anchors_preset = 15
anchor_right = 1.0
anchor_bottom = 1.0
grow_horizontal = 2
grow_vertical = 2
theme_override_styles/panel = SubResource("StyleBoxFlat_a5iw8")

[node name="cc1" type="TextureRect" parent="."]
visible = false
layout_mode = 1
anchors_preset = 8
anchor_left = 0.5
anchor_top = 0.5
anchor_right = 0.5
anchor_bottom = 0.5
offset_left = -444.0
offset_top = -401.0
offset_right = 449.0
offset_bottom = 492.0
grow_horizontal = 2
grow_vertical = 2
texture = ExtResource("1_0hdal")

[node name="Option1" type="Button" parent="cc1"]
layout_mode = 1
anchors_preset = -1
anchor_left = 0.328
anchor_top = 0.328
anchor_right = 0.33
anchor_bottom = 0.328
offset_left = -125.904
offset_top = -125.904
offset_right = 127.31
offset_bottom = 126.096
grow_horizontal = 2
grow_vertical = 2
theme_override_fonts/font = ExtResource("2_erfvc")
theme_override_font_sizes/font_size = 20
theme_override_styles/normal = SubResource("StyleBoxFlat_bm6c7")
theme_override_styles/hover = SubResource("StyleBoxFlat_ipbge")
action_mode = 0

[node name="txt1" type="Label" parent="cc1/Option1"]
layout_mode = 1
anchors_preset = 15
anchor_right = 1.0
anchor_bottom = 1.0
grow_horizontal = 2
grow_vertical = 2
theme_override_fonts/font = ExtResource("2_erfvc")
theme_override_font_sizes/font_size = 25
text = "a"
horizontal_alignment = 1
vertical_alignment = 1
autowrap_mode = 3

[node name="Option2" type="Button" parent="cc1"]
layout_mode = 1
anchors_preset = -1
anchor_left = 0.671
anchor_top = 0.328
anchor_right = 0.671
anchor_bottom = 0.328
offset_left = -125.203
offset_top = -125.904
offset_right = 127.797
offset_bottom = 126.096
grow_horizontal = 2
grow_vertical = 2
theme_override_fonts/font = ExtResource("2_erfvc")
theme_override_font_sizes/font_size = 20
theme_override_styles/normal = SubResource("StyleBoxFlat_c0gj3")
theme_override_styles/hover = SubResource("StyleBoxFlat_s2kmf")
action_mode = 0
text_overrun_behavior = 2

[node name="txt2" type="Label" parent="cc1/Option2"]
layout_mode = 1
anchors_preset = 15
anchor_right = 1.0
anchor_bottom = 1.0
grow_horizontal = 2
grow_vertical = 2
theme_override_fonts/font = ExtResource("2_erfvc")
theme_override_font_sizes/font_size = 25
text = "a"
horizontal_alignment = 1
vertical_alignment = 1
autowrap_mode = 3

[node name="Option3" type="Button" parent="cc1"]
layout_mode = 1
anchors_preset = -1
anchor_left = 0.672
anchor_top = 0.672
anchor_right = 0.672
anchor_bottom = 0.672
offset_left = -126.096
offset_top = -126.096
offset_right = 126.904
offset_bottom = 125.904
grow_horizontal = 2
grow_vertical = 2
theme_override_fonts/font = ExtResource("2_erfvc")
theme_override_font_sizes/font_size = 20
theme_override_styles/normal = SubResource("StyleBoxFlat_4m68c")
theme_override_styles/hover = SubResource("StyleBoxFlat_5ucnt")
action_mode = 0
text_overrun_behavior = 2

[node name="txt3" type="Label" parent="cc1/Option3"]
layout_mode = 1
anchors_preset = 15
anchor_right = 1.0
anchor_bottom = 1.0
grow_horizontal = 2
grow_vertical = 2
theme_override_fonts/font = ExtResource("2_erfvc")
theme_override_font_sizes/font_size = 25
text = "a"
horizontal_alignment = 1
vertical_alignment = 1
autowrap_mode = 3

[node name="Option4" type="Button" parent="cc1"]
layout_mode = 1
anchors_preset = -1
anchor_left = 0.329
anchor_top = 0.672
anchor_right = 0.329
anchor_bottom = 0.672
offset_left = -126.797
offset_top = -126.096
offset_right = 126.203
offset_bottom = 125.904
grow_horizontal = 2
grow_vertical = 2
theme_override_fonts/font = ExtResource("2_erfvc")
theme_override_font_sizes/font_size = 20
theme_override_styles/normal = SubResource("StyleBoxFlat_ucrs2")
theme_override_styles/hover = SubResource("StyleBoxFlat_7xnyc")
action_mode = 0
text_overrun_behavior = 2

[node name="txt4" type="Label" parent="cc1/Option4"]
layout_mode = 1
anchors_preset = 15
anchor_right = 1.0
anchor_bottom = 1.0
grow_horizontal = 2
grow_vertical = 2
theme_override_fonts/font = ExtResource("2_erfvc")
theme_override_font_sizes/font_size = 25
text = "a"
horizontal_alignment = 1
vertical_alignment = 1
autowrap_mode = 3

[node name="cc2" type="TextureRect" parent="."]
visible = false
layout_mode = 1
anchors_preset = 8
anchor_left = 0.5
anchor_top = 0.5
anchor_right = 0.5
anchor_bottom = 0.5
offset_left = -269.0
offset_top = -222.0
offset_right = 270.0
offset_bottom = 317.0
grow_horizontal = 2
grow_vertical = 2
texture = ExtResource("4_wwqbw")

[node name="Right" type="Button" parent="cc2"]
modulate = Color(1, 0.262745, 0.262745, 1)
layout_mode = 1
anchors_preset = -1
anchor_left = 0.708
anchor_top = 0.236
anchor_right = 0.708
anchor_bottom = 0.236
offset_left = -96.612
offset_top = -109.204
offset_right = 96.388
offset_bottom = 108.796
grow_horizontal = 2
grow_vertical = 2
theme_override_styles/normal = SubResource("StyleBoxTexture_svonr")
theme_override_styles/hover = SubResource("StyleBoxTexture_gb86h")
theme_override_styles/pressed = SubResource("StyleBoxTexture_y7cm4")

[node name="Left" type="Button" parent="cc2"]
modulate = Color(1, 0.262745, 0.262745, 1)
layout_mode = 1
anchors_preset = -1
anchor_left = 0.288
anchor_top = 0.236
anchor_right = 0.288
anchor_bottom = 0.236
offset_left = 98.768
offset_top = -109.204
offset_right = 291.768
offset_bottom = 108.796
grow_horizontal = 2
grow_vertical = 2
scale = Vector2(-1, 1)
theme_override_styles/normal = SubResource("StyleBoxTexture_svonr")
theme_override_styles/hover = SubResource("StyleBoxTexture_u2qx8")
theme_override_styles/pressed = SubResource("StyleBoxTexture_oeat0")

[node name="Situation" type="Label" parent="."]
layout_mode = 1
anchors_preset = 5
anchor_left = 0.5
anchor_right = 0.5
offset_left = -569.0
offset_right = 574.0
offset_bottom = 89.0
grow_horizontal = 2
theme_override_fonts/font = ExtResource("2_erfvc")
theme_override_font_sizes/font_size = 50
text = "asd"
autowrap_mode = 3

[node name="Label" type="Label" parent="."]
layout_mode = 1
anchors_preset = 8
anchor_left = 0.5
anchor_top = 0.5
anchor_right = 0.5
anchor_bottom = 0.5
offset_left = -574.0
offset_top = -205.0
offset_right = 574.0
offset_bottom = 202.0
grow_horizontal = 2
grow_vertical = 2
theme_override_fonts/font = ExtResource("2_erfvc")
theme_override_font_sizes/font_size = 50
text = "a"
horizontal_alignment = 1
vertical_alignment = 1
autowrap_mode = 3
visible_characters = 0
visible_ratio = 0.0

[node name="AnimationPlayer" type="AnimationPlayer" parent="."]
libraries = {
"": SubResource("AnimationLibrary_s686w")
}

[connection signal="pressed" from="cc1/Option1" to="." method="_on_option_1_pressed"]
[connection signal="pressed" from="cc1/Option2" to="." method="_on_option_2_pressed"]
[connection signal="pressed" from="cc1/Option3" to="." method="_on_option_3_pressed"]
[connection signal="pressed" from="cc1/Option4" to="." method="_on_option_4_pressed"]
[connection signal="pressed" from="cc2/Right" to="." method="_on_right_pressed"]
[connection signal="pressed" from="cc2/Left" to="." method="_on_left_pressed"]
[connection signal="animation_finished" from="AnimationPlayer" to="." method="_on_animation_player_animation_finished"]
