[gd_scene load_steps=16 format=3 uid="uid://ca5dxyia0fhbq"]

[ext_resource type="Script" path="res://Script/house.gd" id="1_1vtkk"]
[ext_resource type="Texture2D" uid="uid://wvmjl0f75ben" path="res://Assets/Cabbot.png" id="1_oq3ru"]
[ext_resource type="FontFile" uid="uid://cntmldetpxy6u" path="res://Assets/Hey Comic.ttf" id="2_7b1sp"]
[ext_resource type="Texture2D" uid="uid://0wmgnw4i0vbw" path="res://Assets/Cabbot_open3.png" id="3_fspqw"]
[ext_resource type="Texture2D" uid="uid://b125vopr56twm" path="res://Assets/Cabbot_open2.png" id="4_frg17"]
[ext_resource type="Texture2D" uid="uid://dvhwkynt0o078" path="res://Assets/Cabbot_open.png" id="5_p4snr"]
[ext_resource type="AudioStream" uid="uid://cmjs8v3658wod" path="res://Audio/590158__greg_surr__creaking-wood-8.wav" id="7_5utdh"]

[sub_resource type="StyleBoxFlat" id="StyleBoxFlat_3bfjb"]
bg_color = Color(0.560784, 0.972549, 0.886275, 1)

[sub_resource type="StyleBoxFlat" id="StyleBoxFlat_8x7er"]
bg_color = Color(0.137255, 0.564706, 0.388235, 1)

[sub_resource type="StyleBoxFlat" id="StyleBoxFlat_inb71"]
bg_color = Color(0.6, 0.6, 0.6, 0)

[sub_resource type="StyleBoxFlat" id="StyleBoxFlat_jfwts"]
bg_color = Color(0.744708, 0.570307, 0.202577, 0.513726)

[sub_resource type="StyleBoxFlat" id="StyleBoxFlat_c02ao"]
bg_color = Color(0.6, 0.6, 0.6, 0)

[sub_resource type="Animation" id="Animation_vpnkc"]
resource_name = "Open_door"
tracks/0/type = "value"
tracks/0/imported = false
tracks/0/enabled = true
tracks/0/path = NodePath("TextureRect:texture")
tracks/0/interp = 1
tracks/0/loop_wrap = true
tracks/0/keys = {
"times": PackedFloat32Array(0, 0.2, 0.4, 0.6),
"transitions": PackedFloat32Array(1, 1, 1, 1),
"update": 1,
"values": [ExtResource("1_oq3ru"), ExtResource("3_fspqw"), ExtResource("4_frg17"), ExtResource("5_p4snr")]
}

[sub_resource type="Animation" id="Animation_yu7cg"]
length = 0.001
tracks/0/type = "value"
tracks/0/imported = false
tracks/0/enabled = true
tracks/0/path = NodePath("TextureRect:texture")
tracks/0/interp = 1
tracks/0/loop_wrap = true
tracks/0/keys = {
"times": PackedFloat32Array(0),
"transitions": PackedFloat32Array(1),
"update": 1,
"values": [ExtResource("1_oq3ru")]
}

[sub_resource type="AnimationLibrary" id="AnimationLibrary_of5rk"]
_data = {
"Open_door": SubResource("Animation_vpnkc"),
"RESET": SubResource("Animation_yu7cg")
}

[node name="House" type="Control"]
layout_mode = 3
anchors_preset = 15
anchor_right = 1.0
anchor_bottom = 1.0
grow_horizontal = 2
grow_vertical = 2
script = ExtResource("1_1vtkk")

[node name="Panel" type="Panel" parent="."]
layout_mode = 1
anchors_preset = 15
anchor_right = 1.0
anchor_bottom = 1.0
offset_bottom = -66.0
grow_horizontal = 2
grow_vertical = 2
theme_override_styles/panel = SubResource("StyleBoxFlat_3bfjb")

[node name="Panel2" type="Panel" parent="."]
layout_mode = 1
anchors_preset = 15
anchor_right = 1.0
anchor_bottom = 1.0
offset_top = 585.0
offset_bottom = -2.0
grow_horizontal = 2
grow_vertical = 2
theme_override_styles/panel = SubResource("StyleBoxFlat_8x7er")

[node name="TextureRect" type="TextureRect" parent="."]
layout_mode = 1
anchors_preset = 8
anchor_left = 0.5
anchor_top = 0.5
anchor_right = 0.5
anchor_bottom = 0.5
offset_left = -337.0
offset_top = -352.0
offset_right = -292.0
offset_bottom = -307.0
grow_horizontal = 2
grow_vertical = 2
scale = Vector2(15, 15)
texture = ExtResource("1_oq3ru")

[node name="Label" type="Label" parent="."]
layout_mode = 1
anchors_preset = -1
anchor_left = 0.5
anchor_top = 0.34
anchor_right = 0.5
anchor_bottom = 0.34
offset_left = -158.0
offset_top = -57.32
offset_right = 164.0
offset_bottom = 69.68
grow_horizontal = 2
grow_vertical = 2
theme_override_fonts/font = ExtResource("2_7b1sp")
theme_override_font_sizes/font_size = 45
text = "Cabaña de Pedro"
horizontal_alignment = 1
vertical_alignment = 1

[node name="Button" type="Button" parent="."]
layout_mode = 1
anchors_preset = -1
anchor_left = 0.51
anchor_top = 0.738
anchor_right = 0.51
anchor_bottom = 0.738
offset_left = -94.5201
offset_top = -105.224
offset_right = 95.4799
offset_bottom = 105.776
grow_horizontal = 2
grow_vertical = 0
theme_override_styles/normal = SubResource("StyleBoxFlat_inb71")
theme_override_styles/hover = SubResource("StyleBoxFlat_jfwts")
theme_override_styles/pressed = SubResource("StyleBoxFlat_c02ao")

[node name="AnimationPlayer" type="AnimationPlayer" parent="."]
libraries = {
"": SubResource("AnimationLibrary_of5rk")
}

[node name="AudioStreamPlayer2D" type="AudioStreamPlayer2D" parent="."]
stream = ExtResource("7_5utdh")

[connection signal="pressed" from="Button" to="." method="_on_button_pressed"]
[connection signal="animation_finished" from="AnimationPlayer" to="." method="_on_animation_player_animation_finished"]
